@book{latex,
  title = {LaTeX : A Documentation Preparation System User's Guide and Reference Manual},
  publisher = {Addison-Wesley Professional},
  year = {1994},
  author = {Leslie Lamport}
}
% Optional fields: volume/number, series, address, edition, month, note
@BOOK{Dra14,
    author = {Joshua J.Drake, Zach Lanier,
    Collin Mulliner, Pau Oliva Fora, Stephen A. Ridley,
    Georg Wicherski},
    title = {Android Hacker's Handbook},
    publisher = {John Wiley & Sons},
    year = {2014}
}
% Optional fields: volume/number, series, address, edition, month, note
@BOOK{Ele15,
    author = {Nikolay Elenkov},
    title = {Android Security Internals -
    An In-Depth Guide to Android's Security Architecture},
    publisher = {No Starch Press},
    year = {2015}
}
% Optional fields: volume/number, series, address, edition, month, note
@BOOK{Lev15,
    author = {Jonathan Levin},
    title = {Android Internals::A Confectioner's Cookbook -
    Volume I: The power users view},
    publisher = {Technologeeks.com},
    year = {2015}
}
% Optional fields: author, title, howpublished, month, year, note
@MISC{Idc15,
    author = {IDC Research Inc.}
    title = {Smartphone OS Market Share, 2015 Q2}
    year = {2015}
    url = {http://www.idc.com/prodserv/smartphone-os-market-share.jsp}
    urldate = {2016-01-05}
}



